<collection xmlns="http://www.loc.gov/MARC21/slim">
<record>
  <leader>00821nam0a22002171i 450 </leader>
  <controlfield tag="001">IT\ICCU\CNCE\079445</controlfield>
  <controlfield tag="005">20170710000000.0</controlfield>
  <datafield tag="012" ind1=" " ind2=" ">
    <subfield code="a">iei- icb3 teut ceEc (3) 1509 (T)</subfield>
    <subfield code="2">fei</subfield>
  </datafield>
  <datafield tag="100" ind1=" " ind2=" ">
    <subfield code="a">20170329d1509        0itac0103    ba</subfield>
  </datafield>
  <datafield tag="101" ind1=" " ind2=" ">
    <subfield code="a">LAT</subfield>
  </datafield>
  <datafield tag="102" ind1=" " ind2=" ">
    <subfield code="a">IT</subfield>
  </datafield>
  <datafield tag="200" ind1="1" ind2=" ">
    <subfield code="a">Orarium Spirensis</subfield>
  </datafield>
  <datafield tag="210" ind1=" " ind2=" ">
    <subfield code="e">Impressum est in inclyta vrbe Venetiarum</subfield>
    <subfield code="g">per dominum Iulianum de Castello et Iohannes Hertcoch</subfield>
    <subfield code="h">1509 nono Kalendas Nouembris</subfield>
  </datafield>
  <datafield tag="215" ind1=" " ind2=" ">
    <subfield code="a">\12!, 616 c.</subfield>
    <subfield code="d">8ʻ</subfield>
  </datafield>
  <datafield tag="620" ind1=" " ind2=" ">
    <subfield code="a">IT</subfield>
    <subfield code="d">Venezia</subfield>
  </datafield>
  <datafield tag="710" ind1="0" ind2="2">
    <subfield code="a">Speyer</subfield>
    <subfield code="c"> &lt;Diocesi&gt;</subfield>
    <subfield code="3">29879</subfield>
  </datafield>
  <datafield tag="712" ind1="0" ind2="0">
    <subfield code="a">Castello, Giuliano &amp; Hamann, Johann</subfield>
    <subfield code="3">IT\ICCU\CNCT\006516</subfield>
    <subfield code="4">650</subfield>
  </datafield>
  <datafield tag="791" ind1="0" ind2="2">
    <subfield code="a">Spira</subfield>
    <subfield code="c"> &lt;Diocesi&gt;</subfield>
    <subfield code="3">29880</subfield>
    <subfield code="z">Speyer &lt;Diocesi&gt;</subfield>
  </datafield>
  <datafield tag="791" ind1="0" ind2="0">
    <subfield code="a">Hamann, Johann</subfield>
    <subfield code="3">IT\ICCU\CNCT\001454</subfield>
    <subfield code="z">Castello, Giuliano &amp; Hamann, Johann</subfield>
  </datafield>
  <datafield tag="801" ind1=" " ind2="3">
    <subfield code="a">IT</subfield>
    <subfield code="b">ICCU</subfield>
    <subfield code="c">20201115</subfield>
  </datafield>
  <datafield tag="899" ind1=" " ind2=" ">
    <subfield code="a">British Library. London</subfield>
    <subfield code="1">UK0001</subfield>
  </datafield>
</record>
</collection>
